% Hypercomplex and Monogenic references
% located in /home/chuong/Reading/AMFM
%%%%%%%%%%%%%%%%%%%%%%%%%%%%%%%%%%%%%%%%%%%%%%%%%%%%%%%%%%%%%%%%%%
@book{Stein-Singular,
        author="E. M. Stein",
        title="Singular Integrals and Differentiability Properties
        of Functions",
        publisher="Princeton University Press",
        address="Princeton, NJ",
        year=1970
        }
@article{Felsberg_Monogenic_SP01,
        author="M. Felsberg and G. Sommer",
        title="The Monogenic Signal",
        journal="IEEE Trans. Signal Proc.",
        volume="49",
        number="12",
        pages="3136-3144",
        month="Dec.",
        year="2001"
}
@article{Bulow_Hypercomplex_SP01,
        author="T. B{\"u}low and G. Sommer",
        title="The Hypercomplex Signal - A novel
			extension of the analytic signal to the 
			multidimensional case",
        journal="IEEE Trans. Signal Proc.",
        volume="49",
        number="11",
        pages="2844-2852",
        month="Dec.",
        year="2001"
}
@article{Unser_RieszLaplace_IP09,
        author="M. Unser and D. Sage and D.V.D Ville",
        title="Multiresolution Monogenic Signal Analysis
			Using the {R}iesz-{L}aplace Wavelet Transform",
        journal="IEEE Trans. Imag. Proc.",
        volume="18",
        number="11",
        pages="2402-2418",
        month="Nov.",
        year="2009"
}
@article{Demarcq_JMIU11,
		author="G. Demarcq and L. Mascarilla and 
					M. Berthier and P. Courtellemont",
        title="The color monogenic signal: {A}pplication to
				color edge detection and color optical flow",
        journal="Journal of Math. Imag. and Vision",
        volume="40",
        number="3",
        pages="269--284",
        year="2011"
}


@article{Olhede_MonogenicWT_SP09,
        author="S. Olhede and G. Metikas",
        title="The monogenic wavelet transform",
        journal="IEEE Trans. Signal Proc.",
        volume="57",
        number="9",
        pages="3426-3441",
        month="Sept.",
        year="2009"
}
@article{Larkin_SpiralPhase1_JOSAA01,
        author="K. G. Larkin and D. J. Bone and M. A. Oldfield",
        title="Natural demodulation of two-dimensional fringe
				patterns. {I}. {G}eneral background on the
				spiral phase quadrature transform",
        journal="J. Opt. Soc. Am. A",
        volume="18",
        number="8",
        pages="1862-1870",
        month="Aug.",
        year="2001"
}
@article{Larkin_SpiralPhase2_JOSAA01,
        author="K. G. Larkin",
        title="Natural demodulation of two-dimensional fringe
				patterns. {II}. {S}tationary phase analysis
				of the spiral phase quadrature transform",
        journal="J. Opt. Soc. Am. A",
        volume="18",
        number="8",
        pages="1871-1881",
        month="Aug.",
        year="2001"
}




%%%%%%%%%%%%%%%%%%%%%%%%%%%%%%%%%%%%%%%%%%%%%%%%%%%%%%%%%%%%%%%%%%
% AM-FM
% located in /home/chuong/Reading/AMFM
%%%%%%%%%%%%%%%%%%%%%%%%%%%%%%%%%%%%%%%%%%%%%%%%%%%%%%%%%%%%%%%%%%
@article{Gabor_1946,
        author="G. Gabor",
        title="Theory of Communication",
        journal="J. Inst. Elec. Engr.",
        volume="93",
        number="",
        pages="429--457",
        month="",
        year="1946"
}
@article{Bedrosian_ProductTheorem_PIEEE63,
        author="E. Bedrosian",
        title="A product theorem for Hilbert transforms",
        journal="Proc. IEEE",
        volume="51",
        number="5",
        pages="868--869",
        month="May",
        year="1963"
}
@article{Boashash_Proceeding_92,
    author="Boashash, B.",
    title="Estimating and interpreting the instantaneous
        frequency of a signal -- {P}art {I}. {F}undamentals",
    journal="Proc. IEEE",
    volume="80",
    number="4",
    pages="520--538",
    month="Apr.",
    year="1992"
}
@article{Hahn_SingleOrthant_PIEEE92,
        author="S. L. Hahn",
        title="Multidimensional complex signals with 
			single-orthant spectra",
        journal="Proc. IEEE",
        volume="80",
        number="8",
        pages="1287-1300",
        month="Aug.",
        year="1992"
}
@article{PAMI-90,
        author="A. C. Bovik and M. Clark and W. S. Geisler",
        title="Multichannel Texture Analysis Using Localized Spatial Filters",
        journal="IEEE Trans. Pattern Anal. Machine Intell.",
        volume="12",
        number=1,
        month="Jan.",
        year=1990,
        pages="55-73"
}
@article{Maragos_TeagerKaiser_SP93,
        author="P. Maragos and J. F. Kaiser and T. F. Quatieri",
        title="On Amplitude and Frequency Demodulation Using 
			Energy Operators",
        journal="IEEE Trans. Signal Proc.",
        volume="41",
        number="4",
        pages="1532-1550",
        month="Apr.",
        year="1993"
}
@article{Bovik_PositivityEnergyOperator_SP94,
        author="A. C. Bovik and P. Maragos",
        title="Conditions for positivity of an energy operator",
        journal="IEEE Trans. Signal Proc.",
        volume="42",
        number="2",
        pages="469-471",
        month="Feb.",
        year="1994"
}
@incollection{Peyrin_AnalyticSignal86,
        author="F. Peyrin and Y. M. Zhu and R. Goutte",
        title= "Extension of the Notion of Analytic Signal for 
			Multidimensional Signals.  {A}pplication to Images",
        booktitle="Signal Processing III:  Theories and Applications",
        editor="{I. T. Young, {\em et al.}}",
        publisher="Elsevier Science Publishers",
        address="Amsterdam, B. V. (North-Holland)",
        year=1986,
        pages="677-680"
}
@article{Doerschuk_AMFMFormant_SP96,
        author="S. Lu and P. C. Doerschuk",
        title="Nonlinear Modeling and Processing of Speech Based on Sums of
               {AM}-{FM} Formant Models",
        journal="IEEE Trans. Signal Proc.",
        volume="44",
        number="4",
        pages="773-782",
        month="Apr.",
        year="1996"
}
@incollection{Cormack_Handbook05,
        author="L. K. Cormack",
        title="Computational Models of Early Human Vision",
        booktitle="Handbook of Image and Video Processing",
        edition="2nd",
        editor="A. C. Bovik",
        pages="325-345",
        address="Burlington, MA",
        publisher="Elsevier Academic Press",
        year="2005"
}
@inproceedings{Velde_MultiscaleEnhancement_ICIP99,
        author="K. V. Velde",
        title="Multi-scale Color Image Enhancement",
        booktitle="Proc. IEEE Int'l. Conf. Image Proc.",
        pages="584-587",
        address="Kobe, Japan",
        month="Otc. 24-28,",
        year="1999,~vol.~3"
}
@inproceedings{Yap_AMFMSegmentation_Asilomar01,
        author="T. B. Yap and J .P. Havlicek and V. De{B}runner",
        title="Bayesian segmentation of {AM-FM} texture images",
        booktitle="Proc. 35th IEEE Asilomar Conf. Signals, Syst., Comput.",
        pages="1156-1160",
        address="Pacific Grove, CA",
        month="Nov. 4-7,",
        year="2001"
}
@inproceedings{EzzatPoggio_AMFMDemod_ICASSP07,
        author="T. Ezzat and J. Bouvrie and T. Poggio",
        title="{AM-FM} demodulation of spectrograms using localized {2D}
               Max-{G}abor analysis",
        booktitle="Proc. IEEE Int'l. Conf. Acoust., Speech, Signal Process.",
        address="Honolulu, HI",
        month="Apr. 15-20,",
        pages="1061-1064",
        volume="IV",
        year="2007"
}
@inproceedings{Evangelopoulos_TextureDecomposition_ICIP08,
        author="G. Evangelopoulos and M. Maragos",
        title="Texture modulation-constrained image decomposition",
        booktitle="Proc. Int'l. Conf. Imag. Proc.",
        pages="793-796",
        address="San Diego, CA",
        month="Oct. 12-15,",
        year=2008
}
@article{Havlicek_MultiComponent_IP96,
        author="J. P. Havlicek and D. S. Harding and A. C. Bovik",
        title="The Multi-Component {AM-FM} Image Representation",
        journal="IEEE Trans. Image Proc.",
        volume=5,
        number=6,
        month="Jun.",
        pages="1094-1100",
        year="1996"
        }
@article{Larkin_FingerprintHolograms_OE07,
        author="K.G. Larkin and P. A. Fletcher",
        title="A coherent framework for fingerprint analysis:
			are fingerprints holograms?",
        journal="Opt. Express.",
        volume=15,
        number=14,
        month="Jun.",
        pages="8667-8677",
        year="2007"
        }




%%%%%%%%%%%%%%%%%%%%%%%%%%%%%%%%%%%%%%%%%%%%%%%%%%%%%%%%%%%%%%%%%%%%%
% IF
%%%%%%%%%%%%%%%%%%%%%%%%%%%%%%%%%%%%%%%%%%%%%%%%%%%%%%%%%%%%%%%%%%%%%%%%
@article{Martin_WignerVille_ASSP85,
        author="W. Martin and P. Flandrin",
        title="Wigner-{V}ille Spectral Analysis of 
			Nonstationary Processes",
        journal="IEEE Trans. Acoust. Speech, Signal Proc.",
        volume="33",
        number="6",
        pages="1461-1470",
        month="Dec.",
        year="1985"
}
@article{Loughlin_IFInterpretation_SPL97,
        author="P. J. Loughlin and B. Tacer",
        title="Comments on the Interpretation of Instantaneous Frequency",
        journal="IEEE Signal Proc. Letters",
        volume="4",
        number="5",
        pages="123-125",
        month="May",
        year="1997"
}
@book{Cohen-TimeFrequency,
        author="L. Cohen",
        title="Time-frequency Analysis",
        publisher="Englewood Cliffs",
        address="Prentice-Hall, NJ",
        year=1995
        }
@article{Cohen_TimeFrequencyReview_ProcIEEE89,
        author="L. Cohen",
        title="Time-frequency distributions -- {A} review",
        journal="Proc. IEEE",
        volume="77",
        number="7",
        pages="941-981",
        month="Jul.",
        year="1989"
}




%%%%%%%%%%%%%%%%%%%%%%%%%%%%%%%%%%%%%%%%%%%%%%%%%%%%%%%%%%%%%%%%%%%%%
% AM-FM estimation
%%%%%%%%%%%%%%%%%%%%%%%%%%%%%%%%%%%%%%%%%%%%%%%%%%%%%%%%%%%%%%%%%%%%%
@article{HuangEMD98,
        author="N. E. Huang and Z. Shen and S. R. Long and M. C. Wu and
                H. H. Shih and Q. Zheng and N. {-C.} Yen and C. C. Tung
                and H. H. Liu",
        title="The empirical mode decomposition and the {H}ilbert spectrum
               for nonlinear and non-stationary time series analysis",
        journal="Proc. R. Soc. Lond. A",
        volume="454",
        year=1998,
        pages="903-995"
}
@article{Daubechies_Synchrosquee_ACHA10,
		author="I. Daubechies and J. Lu and H.-T. Wu",
        title="Synchrosqueezed Wavelet Transforms: 
				an {E}mpirical {M}ode {D}ecomposition-like tool",
        journal="Applied and Computational Harmonic Analysis",
        volume="30",
		issue="2",
        year=2011,
		month="Mar.",
        pages="243--261"
}
@inproceedings{EzzatPoggioICASSP07,
        author="T. Ezzat and J. Bouvrie and T. Poggio",
        title="{AM-FM} demodulation of spectrograms using localized {2D}
               Max-{G}abor analysis",
        booktitle="Proc. IEEE Int'l. Conf. Acoust., 
			Speech, Signal Process.",
        address="Honolulu, HI",
        month="Apr. 15-20,",
        pages="1061-1064",
        volume="IV",
        year="2007"
}







%%%%%%%%%%%%%%%%%%%%%%%%%%%%%%%%%%%%%%%%%%%%%%%%%%%%%%%%%%%%%%%%%%%%%
% Partial Hilbert transform references 
%%%%%%%%%%%%%%%%%%%%%%%%%%%%%%%%%%%%%%%%%%%%%%%%%%%%%%%%%%%%%%%%%%%%%
@article{IP-Multi,
        author="J. P. Havlicek and D. S. Harding and A. C. Bovik",
        title="Multidimensional Quasi-Eigenfunction Approximations and
               Multicomponent {AM-FM} Models",
        journal="IEEE Trans. Image Proc.",
        volume="9",
        number="2",
        pages="227-242",
        month="Feb.",
        year="2000"
}
@inproceedings{ICIP97,
        author="J. P. Havlicek and J. W. Havlicek and A. C. Bovik",
        title="The Analytic Image",
        booktitle="Proc. IEEE Int'l. Conf. Image Proc.",
        address="Santa Barbara, CA",
        month="Oct. 26-29,",
        year="1997"
}
%------------------------------------------------------------------

%%%%%%%%%%%%%%%%%%%%%%%%%%%%%%%%%%%%%%%%%%%%%%%%%%%%%%%%%%%%%%%%%%%%%
% Other AM-FM refs
%%%%%%%%%%%%%%%%%%%%%%%%%%%%%%%%%%%%%%%%%%%%%%%%%%%%%%%%%%%%%%%%%%%%%
@article{Vakman_SP_96,
	author="D. Vakman", 
	title="On the Analytic Signal, the {T}eager-{K}aiser 
		Energy Algorithm, and
		other methods for defining amplitude and frequency",
	journal="IEEE Trans. Signal Proc.",
	volume="44", 
	number="4", 
	pages="791--797", 
	month="Apr.", 
	year="1996"
}
@article{Girolami_QuasiLocalAMFM_MST01,
	author="G. Girolami and D. Vakman", 
	title="Instantaneous frequency estimation and measurement: 
		a quasi-local method",
	journal="Meas. Sci. Technol.",
	volume="13", 
	pages="909--917", 
	month="May", 
	year="2002"
}
@article{DaugmanJOSA-85B,
        author="J. G. Daugman",
        title="Uncertainty Relation for Resolution in Space, 
			Spatial Frequency, and Orientation Optimized by 
			Two-Dimensional Visual Cortical Filters",
        journal="J. Opt. Soc. Am. A",
        volume="2",
        number=7,
        month="Jul.",
        year=1985,
        pages="1160-1169"
}
@article{Daugman_GaborTransform_TASSP88,
        author="J. G. Daugman",
        title="Complete Discrete 2-D Gabor Transforms by Neural Networks
				for Image Analysis and Compression",
        journal="IEEE Trans. Acous. Speech Sig. Proc.",
        volume="36",
        number=7,
        month="Jul.",
        year=1988,
        pages="1169-1179"
}
@article{Boashash_IF_1_PIEEE92,
	author="Boashash, B.", 
	title="Estimating and interpreting the instantaneous 
		frequency of a signal -- {P}art {I}. {F}undamentals", 
	journal="Proc. IEEE",
	volume="80", 
	number="4", 
	pages="520--538", 
	month="Apr.", 
	year="1992"
}
@article{Boashash_IF_2_PIEEE92,
	author="Boashash, B.", 
	title="Estimating and interpreting the instantaneous frequency 
		of a signal -- {P}art {II}. {A}lgorithms and applications", 
	journal="Proc. IEEE",
	volume="80", 
	number="4", 
	pages="540--568", 
	month="Apr.", 
	year="1992"
}
@ARTICLE{Mandel_InstantaneousFreq_AJP74,
  author = {L. Mandel},
  title = {Interpretation of Instantaneous Frequencies},
  journal = {Am. J. Phys.},
  year = {1974},
  volume = {42},
  pages = {840-846}
}
@ARTICLE{Sejdic_IFSDomain_SPL08,
  author = {E. Sejdi\'{c} and L. Stankovi\'{c} 
  	and M. Dakovi\'{c} and J. Jang},
  title = {Instantaneous Frequency Estimation Using the S-Transform},
  journal = {Signal Proc. Letters},
  year = {2008},
  volume = {15},
  pages = {309-312}
}


%%%%%%%%%%%%%%%%%%%%%%%%%%%%%%%%%%%%%%%%%%%%%%%%%%%%%%%%%%%%%%%%%%%%%%%%%%%
% 1-D IF APPLICATIONS
%%%%%%%%%%%%%%%%%%%%%%%%%%%%%%%%%%%%%%%%%%%%%%%%%%%%%%%%%%%%%%%%%%%%%%%%%%%
@inproceedings{Boashhash_IFFiltering_ICASSP90,
        author="B. Boashash and L.B. White",
        title="Instantaneous frequency estimation and automatic 
				time-varying filtering",
		booktitle="Proc. IEEE Int'l. Conf. Acoust., Speech, Signal Process.",
        pages="1221-1224",
        address="Albuquerque, NM",
        month="Apr. 03-06,",
        year=1990
}
@inproceedings{Tsiakoulis_IFSpeech_ASRU09,
        author="P. Tsiakoulis and A. Potamianos and D. Dimitriadis",
        title="Short-time instantaneous frequency and bandwidth 
				features for speech recognition",
		booktitle="IEEE Workshop on Auto. Speech Recog. Understand.",
        pages="103-106",
        address="Albuquerque, NM",
        month="Nov. 13 - Dec. 17,",
        year=2009
}
@article{Taner_SeismicTrace_Geophysics79,
		author = {M. T. Taner and F. Koehler and R. E. Sheriff},
		title = {Complex seismic trace analysis},
		publisher = {SEG},
		year = {1979},
		journal = {Geophysics},
		volume = {44},
		number = {6},
		pages = {1041-1063}
}
@article{Chan_DopplerIF_AES98,
		author="V.C. Chen and S. Qian", 
		title="Joint time-frequency transform for radar 
				range-Doppler imaging", 
		journal="IEEE Trans. Aero. Elect. Syst.",
		volume="34", 
		number="2", 
		pages="486 -499",
		month="Apr.", 
		year="1998" 
}
@article{Sun_EEGIF_PIEEE96,
		author="M. Sun and S. Qian and X. Yan and B.S. Baumann and X.G Xia 
				and R.E. Dahl and N.D. Ryan and R.J. Sclabassi", 
		title="Localizing functional activity in the brain 
				through time-frequency analysis and synthesis of the {EEG}", 
		journal="Proc. IEEE", 
		volume="84", 
		number="9", 
		pages="1302 -1311", 
		month="Sept.", 
		year="1996", 
}
@article{Maragos_EnergySeparationSpeech_SP93,
        author="P. Maragos and J. F. Kaiser and T. F. Quatieri",
        title="Energy Separation in Signal Modulations with Applications
               to Speech Analysis",
        journal="IEEE Trans. Signal Proc.",
        volume="41",
        number="10",
        pages="3024-3051",
        month="Oct.",
        year="1993"
}
@article{Bovik_TKEOMultiband_SP93,
        author="A. C. Bovik and P. Maragos and T. F. Quatieri",
        title="{AM-FM} Energy Detection and Separation in Noise Using 
			Multiband Energy Operators",
        journal="IEEE Trans. Signal Proc.",
        volume="41",
        number="12",
        pages="3245-3265",
        month="Dec.",
        year="1993"
}
@article{Imberger_WVDTemperature_Oceanography86,
        author="J. Imberger and B. Boashash",
        title="Application of the {W}igner-{V}ille distribution to 
			temperature gradient microstructure: {A} new technique 
			to study small scale variations",
        journal="J. Phys. Oceannography",
        volume="16",
        number="12",
        pages="1997-2012",
        year="1986"
}
@inproceedings{Zhidong_IFBloodPressure_07, 
		author="Z. Zhidong and P. Min", 
		title="Instantaneous Frequency Estimation of 
					Diastolic Murmurs Based on {EMD} and {TEO}", 
		booktitle="IEEE Int'l. Conf. Bioinfo. Biomed. Engr.",
		pages="829-832", 
		month="Jul.", 
		year="2007", 
		address="Wuhan, CN"
}
@article{Middleditch_IFRadar_OceanicEngineering06, 
	author="A. Middleditch and L. R. Wyatt", 
	journal="IEEE Journal of Oceanic Engr.",
	title="An Instantaneous-Frequency Filtering Technique 
				for High-Frequency Radar Oceanography", 
	volume="31", 
	number="4", 
	pages="797-803", 
	month="Oct.",
	year="2006" 
}
%%%%%%%%%%%%%%%%%%%%%%%%%%%%%%%%%%%%%%%%%%%%%%%%%%%%%%%%%%%%%%%%%%%
% 2-D AMFM Applications
%%%%%%%%%%%%%%%%%%%%%%%%%%%%%%%%%%%%%%%%%%%%%%%%%%%%%%%%%%%%%%%%%%%
@article{Loizou_AMFMMedical_ITB_11, 
	author="C.P. Loizou and V. Murray and M.S. Pattichis and M. Pantziaris
			and C.S. Pattichis",
	title="Multiscale amplitude-modulation frequency-modulation ({AM}-{FM})
			texture analysis of ultrasound images of the 
			intima and media layers in the carotid artery", 
	journal="IEEE Trans. Info. Tech. Biomedicine",
	volume="15", 
	number="12", 
	pages="178-188",
	month="Mar.",
	year="2011" 
}
@article{Murray_MultiscaleAMFM_IP10,
        author="V. Murray and P. Rodr\'{i}guez and M.S. Pattichis",
        title="Multiscale {AM}-{FM} demodulation and image reconstruction
				methods with improved accuracy",
        journal="IEEE Trans. Imag. Proc.",
        volume="19",
        number="5",
        pages="1138-1152",
        year="2010"
}
@article{Pattichis_MultiFM_PAMI07,
        author="M.S. Pattichis and A.C. Bovik",
        title="Analyzing Image Structure by Multidimensional Frequency
               Modulation",
        journal="IEEE Trans. Pattern Anal., Machine Intel.",
        volume="29",
        number="5",
        pages="753-766",
        month="May",
        year="2007"
}
@article{DoerschukSP96,
        author="S. Lu and P. C. Doerschuk",
        title="Nonlinear Modeling and Processing of Speech Based on Sums of
               {AM}-{FM} Formant Models",
        journal="IEEE Trans. Signal Proc.",
        volume="44",
        number="4",
        pages="773-782",
        month="Apr.",
        year="1996"
}
@article{ActonIP01,
        author="S. T. Acton and D. P. Mukherjee and J. P. Havlicek and
                A. C. Bovik",
        title="Oriented texture completion by {AM-FM} reaction-diffusion",
        journal="IEEE Trans. Image Proc.",
        volume="10",
        number=6,
        month="Jun.",
        year=2001,
        pages="885-896"
}
@article{Barron_PhaseOpticalFlow_IJCV94,
        author="J. L. Barron and D. J. Fleet and S. S. Beauchemin",
        title="Performance of Optical Flow Techniques",
        journal="Int'l Journal of Comput. Vision",
        volume="12",
        number=1,
        year=1994,
        pages="43-77"
}


%%%%%%%%%%%%%%%%%%%%%%%%%%%%%%%%%%%%%%%%%%%%%%%%%%%%%%%%%%%%%%%%%%%%%%%%
% 2-D Riesz
%%%%%%%%%%%%%%%%%%%%%%%%%%%%%%%%%%%%%%%%%%%%%%%%%%%%%%%%%%%%%%%%%%%%%%%%%%
@article{Held_SteerableRieszTransform_IP10,
        author="S. Held and M. Storath and P. Massopust and B. Forster",
        title="Steerable wavelets frames based on the {R}iesz transform",
        journal="IEEE Trans. Imag. Proc.",
        volume="19",
        number="3",
        pages="653-667",
        month="Mar.",
        year="2010"
}
@article{Unser_WaveletRieszTransform_IP10,
        author="M. Unser and D.V.D Ville",
        title="Wavelet steerability and the higher-order {R}iesz transform",
        journal="IEEE Trans. Imag. Proc.",
        volume="19",
        number="3",
        pages="636-652",
        month="Mar.",
        year="2010"
}
@inproceedings{Chenouard_3DMonogenic_BI11,
        author="N. Chenouard and M. Unser",
        title="{3D} Steerable wavelets and monogenic analysis for bioimaging",
        booktitle="Proc. IEEE Int'l. Symp. Biomedical Imaging",
        pages="2132-2135",
        address="Chicago, IL",
        month="Mar. 30 - Apr. 2,",
        year="2011"
}
@inproceedings{Zang_ObjectTrackingPhase_ICIP10,
        author="D. Zang",
        title="Illumination invariant object tracking based on 
				multiscale phase",
        booktitle="Proc. IEEE Int'l. Conf. Imag. Proc.",
        pages="357-360",
        address="Hong Kong",
        month="Sept. 26-29",
        year="2010"
}
@inproceedings{Wietzke_GeometryOfImage_CVPR09,
        author="L. Wietzke and G. Sommer and O. Fleischmann",
        title="The geometry of {2D} image signals",
        booktitle="Proc. IEEE Int'l. Conf. Comput. Vision Pattern Recog.",
        pages="1690-1697",
        address="Miami, FL",
        month="Jun. 20-25",
        year="2009"
}









%%%%%%%%%%%%%%%%%%%%%%%%%%%%%%%%%%%%%%%%%%%%%%%%%%%%%%%%%%%%%%%%%%%%%
% Phase unwrapping literature
%%%%%%%%%%%%%%%%%%%%%%%%%%%%%%%%%%%%%%%%%%%%%%%%%%%%%%%%%%%%%%%%%%%%%
@inproceedings{Pritt_CongruenceLS_GSRS97,
        author="M. D. Pritt",
        title="Congruence in least-squares phase unwrapping",
        booktitle="Proc. IEEE Int'l. Conf. Geosci. Remote Sensi.",
        pages="875-877",
        address="Singapore",
        month="Aug. 3-8,",
        year="1997,~vol.~II"
}
@article{Ghiglia_JOSA_Jan94,
        author="D. C. Ghiglia and L. A. Romero",
        title="Robust two-dimensional weighted and unweighted phase 
				unwrapping that uses fast transforms and iterative methods",
        journal="J. Opt. Soc. Amer. A",
        volume="11",
        number="1",
        pages="107-117",
        month="Jan.",
        year="1994"
}

@article{Hunt_PhaseReconMatrix_JOSA_79,
        author="B. R. Hunt",
        title="Matrix formulation of the reconstruction of phase values
				from phase differences",
        journal="J. Opt. Soc. Amer.",
        volume="69",
        number="3",
        pages="393-399",
        month="Mar.",
        year="1979"
}
@article{Takajo_NoniterativeLSPhase_JOSA88,
        author="H. Takajo and T. Takahashi",
        title="Noniterative method for obtaining the exact solution for
				the normal equation in least-squares phase estimation
				from the phase difference",
        journal="J. Opt. Soc. Amer.",
        volume="5",
        number="11",
        pages="1818-1827",
        month="Nov.",
        year="1988"
}
@article{Takajo_LSPhaseRecon_JOSA88,
        author="H. Takajo and T. Takahashi",
        title="Least-squares phase estimation from the phase difference",
        journal="J. Opt. Soc. Amer.",
        volume="5",
        number="3",
        pages="416-424",
        month="Mar.",
        year="1988"
}
@article{Fried_LSPhaseFitting_JOSA77,
        author="D. L. Fried",
        title="Least-squares fitting a wave-front distortion estimation
				to an array of phase-difference measurements",
        journal="J. Opt. Soc. Amer.",
        volume="67",
        number="3",
        pages="370-375",
        month="Mar.",
        year="1977"
}
@article{Hudgin_WavefrontReconstruction_JOSA77,
        author="R. H. Hudgin",
        title="Wave-front reconstruction from compensated imaging",
        journal="J. Opt. Soc. Amer.",
        volume="67",
        number="3",
        pages="375-378",
        month="Mar.",
        year="1977"
}
@article{Strand_BlockLSPhaseUnwrap_IP99,
        author="J. Strand and T. Taxt and A. K. Jain",
        title="Two-dimensional phase unwrapping using a block 
				least-squares method",
        journal="IEEE Trans. Imag. Proc.",
        volume="8",
        number="3",
        pages="375-386",
        month="Mar.",
        year="1999"
}
@article{Friedlander_ModelBasedPhaseUnwrap_IP96,
        author="B. Friedlander and J. M. Francos",
        title="Model based phase unwrapping of 2-{D} signals",
        journal="IEEE Trans. Imag. Proc.",
        volume="44",
        number="12",
        pages="2999-3007",
        month="Dec.",
        year="1996"
}
@article{Nico_BayesianPhaseUnwrap_IP00,
        author="G. Nico and G. Palubinskas and M. Datcu",
        title="Bayesian approaches to phase unwrapping: 
				{T}heoretical study",
        journal="IEEE Trans. Imag. Proc.",
        volume="48",
        number="8",
        pages="2545-2556",
        month="Sept.",
        year="2000"
}
@article{Bioucas-Dias_GraphCutPhaseUnwrap_IP07,
        author="J. M. Bioucas-Dias and G. Valad{\~a}o",
        title="Phase unwrapping via graph cuts",
        journal="IEEE Trans. Imag. Proc.",
        volume="16",
        number="3",
        pages="698-709",
        month="Mar.",
        year="2007"
}
@article{Spagnolini_IFPhaseUnwrap_GEORS95,
        author="U. Spagnolini",
        title="2-{D} phase unwrapping and instantaneous frequency estimation",
        journal="IEEE Trans. Geos. Remot. Sensi.",
        volume="33",
        number="3",
        pages="579-589",
        month="May.",
        year="1995"
}
@article{Costantini_PhaseUnwrapNetwork_GEORS98,
        author="M. Costantini",
        title="A novel phase unwrapping method based on network programming",
        journal="IEEE Trans. Geos. Remot. Sensi.",
        volume="36",
        number="3",
        pages="813-821",
        month="May.",
        year="1998"
}
@article{Goldstein_PhaseUnwrap_RadioScience88,
        author="R. M. Goldstein and H. A. Zebker and C. L. Werner",
        title="Satellite radar interferometry: 
				{T}wo-dimensional phase unwrapping",
        journal="Radio Science",
        volume="23",
        number="4",
        pages="713-720",
        month="July.",
        year="1988"
}

%%%%%%%%%%%%%%%%%%%%%%%%%%%%%%%%%%%%%%%%%%%%%%%%%%%%%%%%%%%%%%%%%%%%%%%%%
% Steerable Pyramid and Multi-scale processing
%%%%%%%%%%%%%%%%%%%%%%%%%%%%%%%%%%%%%%%%%%%%%%%%%%%%%%%%%%%%%%%%%%%%%%%%%
@inproceedings{Knutsson_QuadratureFilters_CAPAIDM83,
        author="H. Knutsson and G. H. Granlund",
        title="Texture Analysis using two-dimensional quadrature filters",
        booktitle="Proc. IEEE Workshop Comput. Archi. Pattern Anal., Image 
					Database Mana.",
        pages="",
        address="Pasadena, CA",
        month="Oct.",
        year=1983
}
@article{Freeman_SteerableFilters_PAMI91,
        author="W. T. Freeman and E. H. Adelson",
        title="The design and use of steerable filters",
        journal="IEEE Trans. Pattern Anal., Machine Intel.",
        volume="38",
        number="2",
        pages="587-607",
        month="March.",
        year="1992"
}
@inproceedings{Simoncelli_SteerablePyramid_ICIP95,
        author="E. P. Simoncelli and W. T. Freeman",
        title="The steerable pyramid: a flexible architecture for
               multi-scale derivative computation",
        booktitle="Proc. IEEE Int'l. Conf. Image Proc.",
        pages="444-447",
        address="Washington, DC.",
        month="Oct. 23-26,",
        year=1995
}
@inproceedings{Castleman_PyramidFilters_ISCAS98,
        author="K. R. Castleman and M. Schulze and Q. Wu",
        title="Simplified design of steerable pyramid filters",
        booktitle="Proc. Int'l. Symp. Circuit and Syst.",
        pages="329-332",
        address="Montery, CA",
        month="May. 31 - Jun. 3,",
        year=1998
}
@article{Portilla_SteerableTexture_IJCV00,
        author="J. Portilla and E. P. Simoncelli",
        title="A parametric texture model based on joint statistics
				of complex wavelet coefficients",
        journal="Int'l. Journal of Comput. Vision.",
        volume=40,
        number=1,
        month="Dec.",
        pages="49-71",
        year=2000
}
@article{Simoncelli_ShiftableTransform_IT92,
        author="E. P. Simoncelli and W. T. Freeman and E. H. Adelson 
	            and D. J. Heeger",
        title="Shiftable multi-scale transform",
        journal="IEEE Trans. Info. Theory",
        volume="38",
        number="2",
        pages="587-607",
        month="March.",
        year="1992"
}
@article{Portilla_SteerablePyramidDenosing_IP03,
        author="J. Portilla, V. Strela, M. J. Wainwright and E. P. Simoncelli",
        title="Image denoising using scale mixtures of {G}aussians in 
				the wavelet domain",
        journal="IEEE Trans. Image Proc.",
        volume="12",
        number="11",
        pages="1338-1351",
        month="Nov.",
        year="2003"
}
@article{Sheikh_VIF_IP06,
        author="H. R. Sheikh and A. C. Bovik",
        title="Image information and visual quality",
        journal="IEEE Trans. Image Proc.",
        volume="15",
        number="",
        pages="430-444",
        month="Feb.",
        year="2006"
}





%%%%%%%%%%%%%%%%%%%%%%%%%%%%%%%%%%%%%%%%%%%%%%%%%%%%%%%%%%%%%%%%%%%%%%%%%%%%
% Multi-scale image processing
%%%%%%%%%%%%%%%%%%%%%%%%%%%%%%%%%%%%%%%%%%%%%%%%%%%%%%%%%%%%%%%%%%%%%%%%%%%%
@inproceedings{VeldeICIP99,
        author="K. V. Velde",
        title="Multi-scale Color Image Enhancement",
        booktitle="Proc. IEEE Int'l. Conf. Image Proc.",
        pages="584-587",
        address="Kobe, Japan",
        month="Oct.. 24-28,",
        year="1999,~vol.~3"
}
@article{Antonini_WaveletCoding_IP92,
        author="M. Antonini and M. Barlaud and P. Mathieu and I. Daubechies",
        title="Image coding using wavelet transform",
        journal="IEEE Trans. Image Proc.",
        volume="1",
        number="2",
        pages="205-220",
        month="Apr.",
        year="1992"
}
@article{Wallace_JPEGStandard_ACM91,
        author="G. K. Wallace",
        title="The {JPEG} still picture compression standard",
        journal="Commucations of the ACM",
        volume="34",
        number="4",
        pages="31-44",
        month="Apr.",
        year="1991"
}
@article{Donoho_WaveletSoftThreshold_IT95,
        author="D. L. Donoho",
        title="De-{N}oising by soft-thresholding",
        journal="IEEE Trans. Info. Theory",
        volume="41",
        number="3",
        pages="613-627",
        month="May",
        year="1995"
}
@article{Portilla_GSMDenoising_IP03,
        author="J. Portilla and V. Strela and 
			M. Wainwright and E. P. Simoncelli",
        title="Image Denoising using Scale Mixtures of 
			Gaussians in the Wavelet Domain",
        journal="IEEE Trans. Image Proc.",
        volume="12",
        number="11",
        pages="1338-1351",
        month="Nov.",
        year="2003"
}
@article{Dabov_3DBM_IP07,
        author="K. Dabov and A. Foi and V. Katkovnik and K. Egiazarian",
        title="Image denoising by Sparse 3-{D} 
			transform-domain collaborative filtering",
        journal="IEEE Trans. Image Proc.",
        volume="16",
        number="8",
        pages="2080-2095",
        month="Aug.",
        year="2007"
}






%%%%%%%%%%%%%%%%%%%%%%%%%%%%%%%%%%%%%%%%%%%%%%%%%%%%%%%%%%%%%%%%%%%%%%%%%%%%%
% Early Visual Cortex and 2-D Gabor model
%%%%%%%%%%%%%%%%%%%%%%%%%%%%%%%%%%%%%%%%%%%%%%%%%%%%%%%%%%%%%%%%%%%%%%%%%%%%%
@article{Field_ScenceStatistic_RoyalSoc99,
        author="D. J. Field",
        title="Wavelets, vision and the statistics of natural scenes",
        journal="Phil. Trans. Royal Soc.",
        volume="",
        number="",
        pages="2527-2542",
        month="",
        year="1999"
}
@article{Jones_ReceptiveFields2DGabor_JNeuro87,
		author="J. P. Jones and L. A. Palmer",
        title="An evaluation of the two-dimensional {Gabor} filter
				model of simple receptive fields in cat striate cortex",
        journal="Journal of Neutrophysi.",
        volume="58",
        number="6",
        pages="1233-1258",
        month="Dec.",
        year="1987"
}
@article{Marcelja_SimpleCellModel_JOSA80,
		author="S. Mar\v{c}elja",
        title="Mathematical description of the responses of simple 
				cortical cells",
        journal="J. Opt. Soc. Am.",
        volume="70",
        number="11",
        pages="1297-1300",
        month="Nov.",
        year="1980"
}
@article{HubelWiesel_VisualCortex_JPhysiol62,
		author="D. H. Hubel and T. N. Wiesel",
        title="Receptive fields, binocular interaction and functional
				architecture in the cat's visual cortex",
        journal="J. Physiol.",
        volume="160",
        number="",
        pages="106-154",
        month="",
        year="1962"
}
@article{Campbell_FourierGrating_JPhysiol68,
		author="F. W. Campbell and J. G. Robson",
        title="Application of fourier analysis to the visibility of gratings",
        journal="J. Physiol.",
        volume="197",
        number="",
        pages="551-566",
        month="",
        year="1968"
}
@article{Bovik_SeeingFuture_PIEEE10,
		author="A. C. Bovik",
        title="Perceptual Video Processing: Seeing the Future",
        journal="Proc. IEEE",
        volume="98",
        number="11",
        pages="1799-1803",
        month="Nov.",
        year="2010"
}
@article{Olshausen_LearningNatureImages_Nature96,
		author="B. A. Olshausen and D. J. Field",
        title="Emergence of simple-cell receptive field properties
				by learning a sparse code for nature images",
        journal="Nature",
        volume="381",
        number="",
        pages="607-609",
        month="Jun.",
        year="1996"
}
@article{Mallat_Wavelet_PAMI89,
		author="S. G. Mallat",
        title="A theory for multiresolution signal decomposition:
				{T}he wavelet representation",
        journal="IEEE Trans. Pattern Anal., Machine Intel.",
        volume="11",
        number="7",
        pages="674-693",
        month="July.",
        year="1989"
}
@article{Mallat_MatchingPursuit_SP93,
        author="S. G. Mallat and Z. Zhang",
        title="Matching pursuits with time-frequency dictionaries",
        journal="IEEE Trans. Signal Proc.",
        volume=41,
        number=12,
        month="Dec.",
        pages="3397-3415",
        year=1993
        }










%%%%%%%%%%%%%%%%%%%%%%%%%%%%%%%%%%%%%%%%%%%%%%%%%%%%%%%%%%%%%%%%%%%%%
% Texture Cartoon decomposition
%%%%%%%%%%%%%%%%%%%%%%%%%%%%%%%%%%%%%%%%%%%%%%%%%%%%%%%%%%%%%%%%%%%%%
@inproceedings{Sprljan_TextureCartoonCompression_EURASIPCONF03,
		author="N. Sprljan and E. Izquierdo", 
		title="New perspectives on image compression using a 
				cartoon - texture decomposition model", 
        booktitle="EURASIP Conf. Video/Imag. Proc. Multimedia Comm.",
		year="2003", 
		month="Jul.", 
		volume="1", 
		pages="359-368",
        address=""
}
@article{Shahidi_TextureCartoonTV_IP09,
		author="R. Shahidi and C. Moloney",
		journal="IEEE Trans. Image Proc.",
		title="Decorrelating the Structure and Texture Components 
				of a Variational Decomposition Model", 
		year="2009", 
		month="Feb.", 
		volume="18", 
		number="2", 
		pages="299-309"
}
@INPROCEEDINGS{Wakin_TextureCartoonCompression_DCC02, 
		author="M. Wakin and J. Romberg and C. Hyeokho and R. Baraniuk", 
		booktitle="Proc. Data Compress. Conf.",
		title="Image compression using an efficient edge cartoon + 
			texture model", 
		month="Apr.", 
		pages="43-52",
		address="UT, USA",
		year="2002" 
}
@ARTICLE{Buades_CartonTexture_IP10, 
		author="A. Buades and T.M. Le and J.-M. Morel and L.A. Vese", 
		title="Fast Cartoon + Texture Image Filters", 
		journal="IEEE Trans. Image Proc.",
		month="Aug.", 
		volume="19", 
		number="8", 
		pages="1978-1986", 
		year="2010" 
}
@article{Rudin_TVDenoising_Pysica92, 
		author="L. Rudin and S. Osher and E. Fatemi",
		title="Nonlinear total variation based noise removal algorithms",
		journal="Physica D",
		volume="60", 
		pages="259-268", 
		year="1992" 
}
@book{Meyer_OscillatingPatterns01,
		author="M. Meyer",
		title="Oscillating patterns in image processing and nonlinear
				evolution equations: The fifteenth Dean Jacqueline B. Lewis
				memorial lectures",
		year="2001",
		publisher= "AMS",
}
@article{Aliney_TVL1_IP97,
		author="S. Anliney",
		title="A property of the minimum vectors of a regularizing functional
				defined by means of the absolute norm",
		journal="IEEE Trans. Image Proc.",
		volume="45", 
		number="4", 
		pages="913-917", 
		year="1997" 
}
@article{Aujol_TVGabor_IJCV06,
		author="J.F. Aujol and G. Gilboa and T. Chan and S. Osher",
		title="Structure-texture image decomposition -- {M}odeling,
				algorithms and parameter selection",
		journal="Intl. J. Comput. Vis",
		volume="67", 
		number="1", 
		pages="111-136", 
		year="2006" 
}
@article{Stark_TextureCartoon_IP05,
        author="J.-L. Starck and M. Elad and D. L. Donoho",
        title="Image decomposition via the combination of sparse 
				representations and a variational approach",
        journal="IEEE Trans. Imag. Proc.",
        volume=14,
        number=10,
        month="Oct.",
        pages="1570-1582",
        year=2005
}
@article{Vese_TextureCartoon_JSC03,
        author="L. Vese and S. Osher",
        title="Modeling textures with total variation minimization
				and oscillating patterns in image processing",
        journal="J. Sci. Comput.",
        volume=19,
        month="Oct.",
        pages="553-577",
        year=2003
}
@article{Meyer_MultilayeredImageCompress_IP02,
        author="F. G. Meyer and A. Z. Averbuch and R. R. Coifman",
        title="Multilayered image representation: 
			Application to Image Compression",
        journal="IEEE Trans. Image Proc.",
        volume=11,
        number=9,
        pages="1072-1080",
        month="Sept.",
        year=2002
}
@article{Bertalmio_TextureCartoonInpainting_IP03,
        author="M. Bertalmio and L. Vese and G. Sapiro and S. Osher",
        title="Simultaneous structure and texture image inpainting",
        journal="IEEE Trans. Image Proc.",
        volume=12,
        number=8,
        pages="882-889",
        month="Aug.",
        year=2003
}


%%%%%%%%%%%%%%%%%%%%%%%%%%%%%%%%%%%%%%%%%%%%%%%%%%%%%%%%%%%%%%%%%%%%%%%%%
% Chuong and Joebob's students
%%%%%%%%%%%%%%%%%%%%%%%%%%%%%%%%%%%%%%%%%%%%%%%%%%%%%%%%%%%%%%%%%%%%%%%%%%%
@inproceedings{Sivley_PhaseUnwrapping_ICIP05,
        author="R. A. Sivley and J. P. Havlicek",
        title="Multidimensional Phase Unwrapping for Consistent {APF}
               Estimation",
        booktitle="Proc. IEEE Int'l. Conf. Image Proc.",
        pages="458-461",
        address="Genoa, Italy",
        month="Sep. 11-14,",
        year="2005,~vol.~II"
}
@inproceedings{Sivley_PR_ICIP06,
        author="R. A. Sivley and J. P. Havlicek",
        title="Perfect reconstruction {AM-FM} image models",
        booktitle="Proc. IEEE Int'l. Conf. Image Proc.",
        pages="2125-2128",
        address="Atlanta, GA",
        month="Oct. 8-11,",
        year=2006
}
@inproceedings{HavlicekChuongYearySPIE06,
        author="J. P. Havlicek and C. T. Nguyen and M. Yeary",
        title="Modulation domain infrared target models",
        booktitle="Targets and Backgrounds XII: Characterization 
			and Representation",
        editor="W.R. Watkins and D. Clement",
        publisher="SPIE v.6239",
        pages="2390D-1 -- 62390D-11",
        address="Orlando, FL",
        month="May. 6,",
        year="2006"
}
@inproceedings{HavlicekChuongFanVijaySPIE06,
        author="J. P. Havlicek and C. T. Nguyen 
			and G. Fan and V.B. Venkataraman",
        title="Integration of a dual-band IR data acquisition 
			system using low-cost PV320 cameras",
        booktitle="Infrared Technology and Applications XXXII",
        editor="B.F. Andersen, G.F. Fulop, and P.R. Norton",
        publisher="SPIE v. 6206",
        pages="62061U-1 -- 62061U-9",
        address="Orlando, FL",
        month="May. 18,",
        year="2006"
}
@inproceedings{ChuongHavlicekICIP06,
        author="C. T. Nguyen and J. P. Havlicek",
        title="Modulation domain features for discriminating 
			infrared targets and backgrounds",
        booktitle="Proc. IEEE Int'l. Conf. Image Proc.",
        pages="3245-3148",
        address="Atlanta, GA",
        month="Oct. 8-11,",
        year="2006"
}
@inproceedings{ChuongHavlicekYearyCVPR07,
        author="C. T. Nguyen and J. P. Havlicek and M. Yeary",
        title="Modulation domain template tracking",
        booktitle="Proc. 4th Joint IEEE Int'l. Workshop Object 
			Tracking, Class., in and Beyond the visible Spectrum, 
			in conjunction with the 2007 IEEE Computer Soc. conf. 
			Comput. Vision, Patern Recog.",
        address="Minneapolis, Fe, MN",
        month="Jun. 17-22,",
        year="2007"
}
@inproceedings{NickChuongHavlicekSSIAI08,
        author="N. A. Mould and C. T. Nguyen and J. P. Havlicek",
        title="Infrared target tracking with {AM-FM} consistency checks",
        booktitle="Proc. IEEE Southwest Symp. Image Anal., Interp.",
        pages="5-8",
        address="Santa Fe, MN",
        month="Mar. 24-26,",
        year="2008"
}
@inproceedings{NickChuongJohnstonHavlicekSPIE08,
        author="N. A. Mould and C. T. Nguyen 
			and C. M. Johnston and J. P. Havlicek",
        title="Online consistency checking for AM-FM target tracks",
        booktitle="Proc. SPIE/IS\&T Conf. Computational Imaging VI",
        editor="C.A. Bouman and E.L. Miller and I. Pollack",
        publisher="SPIE",
        pages="681413-1 -- 681413-12",
        address="San Jose, CA",
        month="Jan. 26-31,",
        year="2008"
}
@inproceedings{ChuongSivleySSIAI08,
        author="C. T. Nguyen and R. A. Sivley and J. P. Havlicek",
        title="First Results in 
			Perceptually-Based {AM-FM} Image Filtering",
        booktitle="Proc. IEEE Southwest Symp. Image Anal., Interp.",
        pages="77-80",
        address="Santa Fe, NM",
        month="Mar. 24-26,",
        year="2008"
}
@inproceedings{ChuongHavlicekICIP08,
        author="C. T. Nguyen and J. P. Havlicek",
        title="{AM-FM} Image Filters",
        booktitle="Proc. IEEE Int'l. Conf. Image Proc.",
        pages="789-792",
        address="San Diego, CA",
        month="Oct. 12-15,",
        year="2008"
}
@inproceedings{ChuongAdrianHavlicekICIP09,
        author="C. T. Nguyen and P.A. Campbell and J. P. Havlicek",
        title="{FM} filters for modulation domain image processing",
        booktitle="Proc. IEEE Int'l. Conf. Image Proc.",
        pages="3973-3976",
        address="Cairo, Egypt",
        month="Nov. 7-11,",
        year="2009"
}
@inproceedings{ChuongHavlieckSSIAI10,
        author="C. T. Nguyen and J. P. Havlicek",
        title="Coherent texture decomposition using {AM-FM} model", 
        booktitle="Proc. IEEE Southwest Symp. Image Anal., Interp.",
        pages="81-84",
        address="Austin, TX",
        month="May 23-25,",
        year="2010"
}
@inproceedings{ChuongHavkiceckICIP10,
        author="C. T. Nguyen and J. P. Havlicek",
        title="Modulation domain texture decomposition",
        booktitle="Proc. IEEE Int'l. Conf. Image Proc.",
        pages="2741-2744",
        address="Hong Kong",
        month="Sep. 26-29,",
        year="2010"
}
@inproceedings{ChuongHavlicekICIP11,
        author="C. T. Nguyen and J. D. Williams and M. {\"O}zaydin and J. P. Havlicek",
        title="{FM} processing with generalized amplitude and phase: 
					{A}pplication to modulation domain geometric 
					image transformations",
        booktitle="Proc. IEEE Int'l. Conf. Image Proc.",
        pages="81-84",
        address="Brussels, Belgium",
        month="Sep. 11-14,",
        year="2011"
}

















%%%%%%%%%%%%%%%%%%%%%%%%%%%%%%%%%%%%%%%%%%%%%%%%%%%%%%%%%%%%%%%%%%%%%%%%%
% Phase-based approach
%%%%%%%%%%%%%%%%%%%%%%%%%%%%%%%%%%%%%%%%%%%%%%%%%%%%%%%%%%%%%%%%%%%%%%%%
@article{Manjunath_TextureRetrieval_PAMI96,
        author="B. S. Manjunath and W. Y. Ma",
        title="Texture features for browsing and retrieval of image data",
        journal="IEEE Trans. Pattern Anal., Machine Intel.",
        volume=18,
        number=8,
        pages="837-842",
        month="Aug.",
        year=1996
}
@article{Marr_TheoryOfEdgeDetection_PRSL80,
        author="D. Marr and E. Hildreth",
        title="Theory of edge detection",
        journal="Proc. R. Soc. Lond. B",
        volume=207,
        number="",
        pages="187-217",
        month="",
        year=1980
}
@article{Koenderink_StructureOfImages_BioCybern84,
        author="J. J. Koenderink",
        title="The structure of images",
        journal="Biological Cybernetics",
        volume=50,
        number="",
        pages="363-370",
        month="",
        year=1984
}
@article{Fleet_PhaseStability_PAMI93,
        author="D. J. Fleet and A. D. Jepson",
        title="Stability of Phase Information",
        journal="IEEE Trans. Pattern Anal., Machine Intel.",
        volume=15,
        number=12,
        pages="1253-1268",
        month="Dec.",
        year=1993
}
@article{Fleet_VelocityLocalPhase_IJCV90,
        author="D. J. Fleet and A. D. Jepson",
        title="Computation of Component Image Velocity 
			from Local Phase Information",
        journal="Int. J. Comput. Vis.",
        volume=5,
        number=1,
        pages="77-104",
        month="Dec.",
        year=1990
}
@article{Kovesi_PhaseCongruency_Videre99,
        author="P. Kovesi",
        title="Image Features from Phase Congruency",
        journal="Videre",
        volume=1,
        number=3,
        pages="",
        month="Summer",
        year=1999
}
@article{Morrone_PhaseDependentModel_PRSL88,
        author="M. C. Morrone and B. C. Burr",
        title="Feature detection in human vision: a 
			phase-dependent energy model",
        journal="Proc. Royal Soc. London B",
        volume=236,
        number=1280,
        pages="221-245",
        month="Dec.",
        year=1988
}
@article{Bovik_EmergentFrequency_IT92,
        author="A. C. Bovik and N. Gopal and T. Emmoth and A. Restrepo",
        title="Localized Measurement of Emergent Image Frequencies by
			Gabor Wavelets",
        journal="IEEE Trans. Info. Theory",
        volume=38,
        number=2,
        pages="691-712",
        month="Mar.",
        year=1992
}
@article{Oppenheim_ImportancePhase_PIEEE81,
        author="A. V. Oppenheim and J. S. Lim",
        title="The importance of phase in signals",
        journal="Proc. IEEE",
        volume=69,
        number=5,
        pages="529-541",
        month="May.",
        year=1981
}





%%%%%%%%%%%%%%%%%%%%%%%%%%%%%%%%%%%%%%%%%%%%%%%%%%%%%%%%%%%%%%%%%%%%%%%%
% Low-level image analysis
%%%%%%%%%%%%%%%%%%%%%%%%%%%%%%%%%%%%%%%%%%%%%%%%%%%%%%%%%%%%%%%%%%%%%%%%
@inproceedings{Knutsson_StructureTensor_SCIA89,
        author="H. Knutsson",
        title="Representing local structure using tensors",
        booktitle="Proc. 6th Scandinavian Conf. Image Anal.",
        pages="244-251",
        address="Oulu, Finland",
		month="Jun.",
        year="1989"
}
@article{Farid_MultiDerivative_IP04,
        author="H. Farid and E.P. Simoncelli",
        title="Differentiation of discrete multidimensional signals",
        journal="IEEE Trans. Imag. Proc.",
        volume="13",
        number="4",
        pages="496-508",
        month="Apr.",
        year="2004"
}



%%%%%%%%%%%%%%%%%%%%%%%%%%%%%%%%%%%%%%%%%%%%%%%%%%%%%%%%%%%%%%%%%%%%%%%
% Image quality
%%%%%%%%%%%%%%%%%%%%%%%%%%%%%%%%%%%%%%%%%%%%%%%%%%%%%%%%%%%%%%%%%%%%%%%
@article{Wang_ImageQuality_IP04,
        author="Z. Wang and A. C. Bovik and H. R. Sheikh and E. P. Simoncelli",
        title="Image quality assessment: From error visibility to 
				structural similarity",
        journal="IEEE Trans. Image Proc.",
        volume="13",
        number="4",
        pages="600-612",
        month="Apr.",
        year="2004"
}
@article{Wang_ImageQuality_SPM09,
        author="Z. Wang and A. C. Bovik",
        title="Mean squared error: love it or leave it? - 
				A new look at signal fidelity measures,",
        journal="IEEE Signal Proc. Magazine",
        volume="26",
        number="1",
        pages="98-117",
        month="Jan.",
        year="2009"
}




%%%%%%%%%%%%%%%%%%%%%%%%%%%%%%%%%%%%%%%%%%%%%%%%%%%%%%%%%%%%%%%%%%%%%%%%%%%%%%
% Genearl image processing literature
%%%%%%%%%%%%%%%%%%%%%%%%%%%%%%%%%%%%%%%%%%%%%%%%%%%%%%%%%%%%%%%%%%%%%%%%%%%%%%
@book{Castleman-DigitalImageProcessing,
        author="K. R. Castleman",
        title="Digital Image Processing",
        publisher="Prentice Hall",
        address="Englewood Cliffs, NJ",
        year=1996
        }
@article{Keys_BicubicInterpolation_TASSP81,
        author="R. G. Keys",
        title="Cubic convolution interpolation for digital image processing",
        journal="IEEE Trans. Acoust. Speech, Signal Proc.",
        volume="29",
        number="6",
        pages="1153-1160",
        month="Dec.",
        year="1981"
}
@article{DoVetterli_Contourlet_IP05,
        author="M. N. Do and M. Vetterli",
        title="The contourlet transform: {A}n efficient 
			directional multiresolution image representation",
        journal="IEEE Trans. Image Proc.",
        volume="14",
        number="12",
        pages="2091-2106",
        month="Dec.",
        year="2005"
}
@misc{KodakImageDatabase,
        author="Rich Franzen",
        title="Kodak lossless true color image suite",
        howpublished="\url{http://r0k.us/graphics/kodak/}",
        note="[Online; accessed 19-April-2012]"
}
@misc{ImageFusionOrg,
        author="imagefusion.org",
        howpublished="\url{http://www.imagefusion.org}",
        note="[Online; accessed 19-April-2012]"
}
@article{Skodras_JPEG200Standard_SPM01,
        author="A. Skodras and C. Christopoulos and T. Ebrahimi",
        title="The {JPEG} 2000 still image compression standard",
        journal="IEEE Signal Proc. Mag.",
        volume="18",
        number="5",
        pages="36-58",
        month="Sep.",
        year="2001"
}



%%%%%%%%%%%%%%%%%%%%%%%%%%%%%%%%%%%%%%%%%%%%%%%%%%%%%%%%%%%%%%%%%%%%%%%
% Image fusion
%%%%%%%%%%%%%%%%%%%%%%%%%%%%%%%%%%%%%%%%%%%%%%%%%%%%%%%%%%%%%%%%%%%%%%%
@article{Qu_MIMetric_EL02,
        author="G. Qu and D. Zhang and P. Yan",
        title="Information measure for performance of image fusion",
        journal="Elect. Letters.",
        volume="38",
        number="7",
        pages="313-315",
        month="Mar.",
        year="2002"
}
@article{XydeasPetrovic_OEPL_EL00,
        author="C. S. Xydeas and V. Petrovic",
        title="Image fusion performance measure",
        journal="Elect. Letters.",
        volume="36",
        number="4",
        pages="308-309",
        month="Feb.",
        year="2000"
}
@article{Liu_ImageFusionStudy_PAMI12,
        author="Z. Liu and E. Blasch and Z. Xue 
			and J. Zhao and R. Lagani\'{e}re and W. Wu",
        title="Objective assessement of multiresolution 
				image fusion algorithms for
				context enhancement in night vision: {A} comparative study",
        journal="IEEE Trans. Pattern. Anal. and Machi. Intell.",
        volume="34",
        number="1",
        pages="94-109",
        month="Jan.",
        year="2012"
}
@article{Cvejic_TsallisEntropy_EL06,
        author="N. Cvejic and C.N. Canagarajah and D.R. Bull",
        title="Image Fusion Metric based on mutual information
				and {T}sallis entropy",
        journal="Elect. Letters",
        volume="42",
        number="11",
        pages="626-627",
        month="May.",
        year="2006"
}
@article{Wang_FusionComparison_GRS05,
        author="Z. Wang and D. Ziou and C. Armenakis and D. Li and Q. Li",
        title="A Comparative Analysis of Image Fusion Methods",
        journal="IEEE Trans. Geos. Remote Sens.",
        volume="43",
        number="6",
        pages="1391-1402",
        month="Jun.",
        year="2005"
}
@inproceedings{ChenBlum_NightVisionStudy_ICIF05,
        author="Y. Chen and R. S. Blum",
        title="Experimental Tests of Image Fusion for Night Vision",
        booktitle="Proc. Int'l. Conf. Info. Fusion",
        month="Jul. 25-28,",
        year="2005",
		volume="1",
        pages="491-498"
}
@article{Cvejic_SimilaryFusionMeasure_IJSP05,
        author="N. Cvejic and A. Loza and D. Bul and N. Canagarajah",
        title="A Similarity Metric for Assessement of Image Fusion Algorithms",
        journal="Int'l. J. Signal Proc.",
        volume="2",
        number="3",
        pages="178-182",
        year="2005"
}
@article{Petrovic_GradientImageFusion_IP04,
        author="V. S. Petrovi\'{c} and C. S. Xydeas",
        title="Gradient-based Multiresolution Image Fusion",
        journal="IEEE Trans. Image Proc.",
        volume="13",
        number="2",
        pages="178-182",
		month="Feb.",
        year="2004"
}
@article{XydesPetrovic_ObjectImageFusionMeasure_EL00,
        author="C. S. Xydeas and V. S. Petrovi\'{c}",
        title="Objective image fusion performance measure",
        journal="Electronic Letters",
        volume="36",
        number="4",
        pages="308-309",
		month="Feb.",
        year="2000"
}
@inproceedings{Hill_ComplexWaveletsFusion_BMVC02,
        author="P. Hill and N. Canagarajah and D. Bull",
        title="Image Fusion using Complex Wavelets",
        booktitle="British Machine Vision Conf.",
        month="Sept. 2-5",
        year="2002",
        pages="487-496"
}
@article{Kotwal_OptimizationFusion_AERS12,
        author="K. Kotwal and S. Chaudhuri",
        title="An Optimization-based Approach to 
			Fusion of Hyperspectral Images",
        journal="IEEE J. Selected Topics in Applied 
			Earth Observation s and Remote Sensing",
        volume="5",
        number="2",
        pages="--",
		month="Apr.",
        year="2012"
}
@article{Liang_SVDFusion_IP12,
        author="J. Liang and Y. He and D. Liu and X. Zeng",
        title="Image Fusion using Higher Order Singular Value Decomposition",
        journal="IEEE Trans. Image Proc.",
        volume="",
        number="",
        pages="",
		month="",
        year=""
}
@inproceedings{Piella_Qindex_ICIP03,
        author="G. Piella and H. Heijmans",
        title="Image Fusion using Complex Wavelets",
        booktitle="Proc. IEEE Int'l. Conf. Image Proc.",
        month="Sept. 14-18",
        address="Barcelona, Spain",
		volume="2",
        year="2003",
        pages="173-176"
}
@article{Liu_FusionStudy_PAMI12,
        author="Z. Liu and E. Blasch and Z. Xue and J. Zhao and 
			R. Lagani\`{e}re and W. Wu",
        author="Objective Assessment of Multiresolution image 
			fusion algorithms for context
			enhancement in night vision: {A} comparative Study",
        title="Image Fusion using Higher Order Singular Value Decomposition",
        journal="IEEE Trans. Pattern Anal. Machi. Intell.",
        volume="34",
        number="1",
        pages="94-109",
		month="Jan.",
        year="2012"
}
@inproceedings{Li_WaveletFusion_ICIP94,
        author="H. Li and B.S. Manjunath and S.K. Mitra",
        title="Multi-sensor image fusion using the wavelet transform",
        booktitle="Proc. IEEE Int'l. Conf. Image Proc.",
        pages="51-55",
        address="Austin, TX",
        month="Nov. 13-16,",
        year="1994,~vol.~1"
}
@inproceedings{ZhangBlum_RegionBased_ICISS97,
        author="Z. Zhang and R. S. Blum",
        title="A region based image fusion scheme for concealed weapon detection",
        booktitle="Proc. Conf. Info. Sciences and Syst.",
        pages="168-173",
        address="Baltimore, MD",
        month="Mar.,",
        year="1997"
}
@article{Zheng_OptimizationFusion_OE05,
        author="Y. Zheng and E.A. Essock and B.C. Hansen",
        title="Advanced discrete wavelet transform fusion algorithm
			and its optimization by using the metric of
			image quality index",
        journal="Optical Engineering",
        pages="037003-1--037003-12",
        month="Mar.",
		volume="44",
		number="3",
        year="2005"
}
@article{Cvejic_FusionMetric_SP09,
        author="N. Cvejic and T. Sepp{\"a}nen and S.J. Godsill",
        title="A nonreference image fusion metric based on the 
			regional importance measure",
        booktitle="IEEE Journal of Selected Topics in Signal Proc.",
        pages="212-221",
        month="Apr.",
		volume="3",
		number="2",
        year="2009"
}
@inproceedings{Lewis_RegionFusion,
        author="J.J. Lewis and R. J. O'Callaghan 
			and S.G. Nikolov and D. R. Bull and C.N. Canagarajah",
        title="Region-based image fusion using complex wavelets",
        booktitle="Proc. IEEE Int'l. Conf. Info. Fusion",
        pages="555-562",
        month="",
		volume="",
		number="",
		address="Sweden",
        year="2004"
}
@inproceedings{Piella_RegionBasedFusion_IF02,
        author="G. Piella",
        title="A region-based multiresolution image fusion algorithm",
        booktitle="Proc. IEEE Int'l. Conf. Info. Fusion",
        pages="1557-1564",
        month="July",
		volume="2",
		number="",
		address="",
        year="2002"
}
@article{Li_RegionFusion_IVC08,
        author="S. Li and B. Yang",
        title="Multifocus image fusion using region segmentation and 
			spatial frequency",
        journal="Image and Vision Comput.",
        pages="971-979",
        month="",
		volume="26",
        year="2008"
}
@inproceedings{Petrovic_FusionMetric_ICCV05,
        author="V. Petrov\'{i}c and C. Xydeas",
        title="Objective Image Fusion Performance Characterisation",
        booktitle="Int'l. Conf. Comput. Vision",
        pages="1866-1871",
        address="",
        month="Oct. 17-21,",
        year="2005"
}
@inproceedings{Wang_NCM_IMTC04,
        author="Q. Wang and Y. Shen",
        title="Performances Evaluation of Image Fusion Techniques
			based on nonlinear correlation measurement",
        booktitle="Instru. Meas. Tech. Conf.",
        pages="472-475",
        address="Italy",
        month="May. 18-20,",
        year="2004"
}
@inproceedings{Wang_MultiscaleMeasure_ICSP08,
        author="P. Wang and B. Liu",
        title="A novel image fusion metric based on multi-scale analysis",
        booktitle="Proc. IEEE Int'l. Conf. Signal Proc.",
        pages="965-968",
        address="",
        month="",
        year="2008"
}
@article{Liu_PhaseCongruencyMeasure_CVIU08,
        author="Z. Liu and D.S. Forsyth and R. Lagani{\`e}re",
        title="A feature-based metric for the quantitative evaluation
			of pixel-level image fusion",
        journal="Computer Vision and Image Understanding",
        pages="56-68",
        month="Jan.",
		volume="109",
		number="1",
        year="2008"
}
@article{Zheng_SpatialFrequencyMeasure_IF07,
        author="Y. Zheng and E.A. Essock and B.C. Hansen and A.M. Haun",
        title="A new metric based on extended spatial frequency
			and its application to DWT based fusion algorithms",
        journal="Information Fusion",
        pages="177-192",
        month="Apr.",
		volume="8",
		number="2",
        year="2007"
}
@article{Yang_SimilarityMeasure_IF08,
        author="C. Yang and J. Zhang and X. Wang and X. Liu",
        title="A novel similarity based quality metric for image fusion",
        journal="Information Fusion",
        pages="156-160",
        month="Apr.",
		volume="9",
		number="2",
        year="2008"
}
@article{Chen_ChenVarshneyMeasure_IF07,
        author="H. Chen and P.K. Varshney",
        title="A human perception inspired quality metric for image
			fusion based on regional information",
        journal="Information Fusion",
        pages="193-207",
        month="Apr.",
		volume="8",
		number="2",
        year="2007"
}
@article{Chen_ChenBlumMeasure_IVC09,
        author="Y. Chen and R.S. Blum",
        title="A new automated quality assessment algorithm for image fusion",
        journal="Image and Vision Comput.",
        pages="1421-1432",
        month="Sep.",
		volume="27",
		number="10",
        year="2009"
}
@article{Hossny_NormalizedMIMeasure_EL08,
        author="M. Hossny and S. Nahavandi and D. Vreighton",
        title="Comments on 'Information Measure for 
			Performance of Image Fusion'",
        journal="Electronics Letters",
        pages="1066-1067",
        month="Aug.",
		volume="44",
		number="18",
        year="2008"
}
@inproceedings{Patil_PCAPyramidFusion_ICCIP11,
        author="U. Patil and U Mudengudi",
        title="Image fusion using hierachical PCA",
        booktitle="Proc. IEEE Int'l. Conf. Image Info. Proc.",
        pages="1-6",
        address="India",
        month="Nov.~3-5",
        year="2011"
}
@inproceedings{Petrovic_OptimizedFusion_ICIF06,
        author="V. Petrovic and T. Cootes",
        title="Objectively optimised multisensor image fusion",
        booktitle="Proc. Int'l. Conf. Info. Fusion.",
        pages="1-7",
        address="",
        month="Jul.~10-13",
        year="2006"
}
@article{Zheng_SVTFusion_IP07,
        author="S. Zheng and W. Shi and G. Zhu and J. Tian",
        title="Multisource image fusion method using support 
			value transform",
        journal="IEEE Trans. Image Proc.",
        pages="1831-1839",
        month="Jul.",
		volume="16",
		number="7",
        year="2007"
}
@article{Lang_SVDFusion_IP12,
        author="J. Liang and Y. He and D. Liu and X. Zeng",
        title="Image Fusion using Higher Order 
			Singular Valude Decomposition",
        journal="IEEE Trans. Image Proc.",
        pages="2898-2909",
        month="May",
		volume="21",
		number="5",
        year="2012"
}
@article{Looney_EMDFusion_IP09,
        author="D. Looney and D.P. Mandic",
        title="Multiscale Image Fusion using 
			complex extensions of {EMD}",
        journal="IEEE Trans. Signal Proc.",
        pages="1626-1630",
        month="Apr.",
		volume="57",
		number="4",
        year="2009"
}
@article{Lewis_Unimodal_ICIF08,
        author="J. J. Lewis and S. G. Nikolv and A. Toet and D. R. Bull
			and C. N. Canagarajah",
        title="Uni-modal versus joint segmentation for region-based image fusion",
        journal="Proc. Int'l. Conf. Info. Fusion.",
        pages="1-8",
        month="Jul.",
		volume="",
		number="",
        year="2006",
		note="please cite me whenever"
}
@article{Piella_InformationFusion03,
        author="G. Piella",
        title="A general framework for multiresolution image fusion: 
			from pixels to regions",
        journal="Information Fusion.",
        pages="259-280",
		volume="4",
		number="",
        year="2003"
}
@article{Richards_PCAFusion_RSE84,
        author="J. A. Richards",
        title="Thematic mapping from multitemporal image data using the
			principal component transformation",
        journal="Remote Sensing of Environment.",
        pages="36-46",
		volume="16",
		number="1",
		month="Aug.",
        year="1984"
}




