@misc{FAA_WAAS,
  key="WAAS",
  howpublished = "\url{http://www.sti.nasa.gov/tto/spinoff1999/webimages/47.jpg}"
}

@misc{WIKI_ILS,
  key="ILS",
  howpublished = "\url{http://en.wikipedia.org/wiki/Instrument_Landing_System}"
}

@misc{WIKI_ML,
  key="Multilateration", howpublished="\url{http://en.wikipedia.org/wiki/Multilateration}"
}

@misc{FAA_FAQ,
  key="FAA",
  howpublished = "\url{http://gps.faa.gov/FAQ/faq-nas.htm}"
}

@misc{FAA_LAAS,
  key="FAA",
  howpublished = "\url{http://gps.faa.gov/images/L_ARCH_2.gif}"
}

@misc{NORMARC,
  key="NORMARC",
  howpublished="\url{http://www.parkairsystems.com/documents/sites/1/Examples/NORMARC_7000_ILS_BROCHURE.pdf}"
}

@book{IS-GPS-200J,
author="{\relax Global Positioning System Directorate}",
year=2018,
volume="IS-GPS-200J",
title="Global Positioning System System Engineering \& Integration Interface Specification",
publisher="GPS.GOV"
}

@book{FAA-E-2892b,
author="{\relax U.S. Department of Transportation Federal Aviation Administraction}",
year=2001,
volume="FAA-E-2892b",
title="Specification for the Wide Area Augmentation System (WAAS)",
publisher="United States Department of Transportation"
}

@book{WAAS-PAN-66,
author="{\relax NSTB/WAAS T\&E Team}",
year=2018,
volume="66",
title="Wide Area Augmentation System (WAAS) Performance Analysis Report",
publisher="United States Department of Transportation - Federal Aviation Administraction - William J. Hughes Technical Center",
address="Atlantic City International Airport, NJ 08405"
}

@book{DO-246B,
author="Radio Technical Commission for Aeronautics {--} Special Committee 159",
year=2001,
volume="DO-246B",
title="GNSS-Based Precision Approach Local Area Augmentation System (LAAS) Signal-in-Space Interface Control Document (ICD)",
publisher="RTCA, Inc.",
address="1828 L Street, NW, Suite 805, Washington, DC 20036 USA"
}

@book{DO-278,
author="Radio Technical Commission for Aeronautics",
year=2002,
volume="DO-278",
title="Guidelines for Communication Navigation Surveillance, and Air Traffic Management (CNS/ATM) Systems Software Integrity Assurance",
publisher="RTCA, Inc.",
address="1828 L Street, NW, Suite 805, Washington, DC 20036 USA"
}

@book{2937,
author="Federal Aviation Administration",
year=2005,
volume="FAA-E-AJW44-2937A",
title="Non-Fed Specification FAA-E-AJW44-2937A: Category I Local Area Augmentation System Ground Facility",
publisher="United States Department of Transportation"
}

@book{IPH,
author="Federal Aviation Administration",
year=2005,
volume="FAA-H-8261-1",
title="Instrument Procedures Handbook",
ISBN="1560275510",
publisher="Aviation Supplies \& Academics"
}

% Get Volulme and pages
@article{BOEING,
author="Tim Murphy and John Ackland and Tom Imrich and Tiffany Lapp and Roger Friedman",
year=2006,
title="Approach with Precision",
journal="GPS World",
volume=17,
issue=9,
pages="32-38"}

@Manual{GG12,
  author       = {Ashtech},
  month        = {July},
  YEAR         = {2000},
  TITLE        = {GG12 OEM Receiver Board: Reference Manual},
  organization = {Magellan Corporation, Part Number: 630831, Revision A},
  address="471 El Camino Real, Santa Clara, CA USA 95050-4300"
}

@Manual{G12,
  author       = {Thales Navigation},
  YEAR         = {2002},
  TITLE        = {G12 OEM Board \& Sensor: Reference Manual},
  organization = {Thales Navigation, Part Number: 630068, Revision D1},
  address="Santa Clara, U.S.A"
}

@Manual{BB,
  author       = {B&B Electronics},
  YEAR         = {2003},
  TITLE        = {RS-422/485 Converter, Model 4WSD9R},
  organization = {B&B Electronics Manufacturing Company},
  ID           = {4WSD9R3903-1/4},
  address="707 Dayton Road, P.O. Box 1040, Ottawa, IL 61350 USA"
}

@Manual{FreeWave,
  author       = {FreeWave Technologies Inc.},
  YEAR         = {2005},
  TITLE        = {Spread Spectrum Wireless Data Transceiver User Manual},
  organization = {FreeWave Technologies, Inc.},
  ID           = {LUM0002AF Rev C},
  edition      = {Version 6.3},
  address="1880 South Flatiron Court, Boulder, CO 80301"
}

@Manual{Sealevel,
  author       = {Sealevel Systems Inc.},
  YEAR         = {2003f},
  TITLE        = {ULTRA COMM+8.PCI Users Manual: Model 7804},
  organization = {Sealevel Systems, Inc.},
  ID           = {Part Number 7804},
  address="155 Technology Place, Liberty, SC 29657 USA"
}

@Manual{Telerad,
  author       = {Telerad},
  YEAR         = {2003},
  month        = {November},
  day          = {20},
  TITLE        = {VDB Interface Control Document for GBAS Operation: VDB Series 90x9},
  organization = {Telerad},
  ID           = {Doc 4D166 Rev 0},
  edition      = {V1-6},
  address="France"
}

@book{TRIMBLE,
author="Jeff Hrn",
year=1989,
title="GPS: A Guide to the Next Utility.",
publisher="Trimble Navigation",
address="645 North Mary Avenue, Sunnyvale, CA 94088-3642 USA"
}

@Book{GPS_FOR_DUMMIES,
  author =       "Joel McNamara",
  title =        "GPS For Dummies",
  publisher =    "Wiley Publishing, Inc.",
  address =      "111 River Street, Hoboken, NJ 07030-5774",
  year =         "2004",
  ISBN =         "0-7645-6933-3",
  LCCN =         "2004102594",
  pages =        "xx + 382"
}

@phdthesis{BIRK,
author="Birk, Brian Shaun",
title="The Design and Implementation of a Fault Tolerant LAAS Base Station",
school="School of Electrical and Computer Engineering, The University of Oklahoma",
address = "Norman, Oklahoma",
type="M.S. Thesis",
year="2006"
}

@phdthesis{WEN,
author="Wen, Hengquing",
title="Anti-Spoof Design of GPS/LAAS Aircraft Landing Aid",
school="School of Electrical and Computer Engineering, The University of Oklahoma",
address = "Norman, Oklahoma",
type="Ph.D. Dissertation",
year="2004"
}

@book{EL-RABBANY,
  author =	  "Ahmed El-Rabbany",
  title =	    "Introduction to GPS: the Global Positioning System/",
  address =	  "685 Canton Street, Norwood, MA 02062",
  publisher =	"Artech House",
  edition =	  "1st",
  year =	 2002,
  ISBN =   "1-58053-183-0",
  LCCN =   "2001055249",
  pages =  "xvi + 176"
}

@book{stevens,
  title = {Advanced Programming in the UNIX\textregistered Environment},
  author = {Stevens, W. Richard and Rago, Stephen A.},
  edition = {2},
  price = {75.00},
  publisher = {Addison-Wesley Professional},
  year = 2005,
  pages = 927,
  isbn = {0-201-43307-9},
  lccn = {2005007943},
  series = {Addison-Wesley Professional Computing Series}
}

@article{CRC,
author="Ross N. Williams",
year=1993,
title="A PAINLESS GUIDE TO CRC ERROR DETECTION ALGORITHMS"
}

@inproceedings{Busch,
author="Busch, N. E.",
year=1977,
title="Fluxes in the surface boundary layer over the sea",
booktitle="Modelling and Prediction of the Upper Layers of the Ocean",
editor="E. B. Krauss",
publisher="Pergamon Press",
pages="72-91"}

@article{Buzbee70,
author="Buzbee, B. L. and G. H. Golub and C. W. Nielson",
year=1970,
title="On direct methods for solving {Poisson's} equations",
journal="SIAM J. Numer. Anal.",
volume=7,
pages="627-656"}

@techreport{Callies,
author="Callies, V. and D. P. Eppel",
year=1992,
title="On the Eigenvalue spectrum of the {Hessian} Matrix when fitting
Discretized Hyperbolic Equations to Measurements",
institution="GKSS",
address="Germany"}

@article{Carson,
author="Carson, D. J.",
year=1973,
title="The development of a dry inversion - capped convectively unstable boundary
layer",
journal=" Quart. J. Roy. Meteor. Soc.",
volume=99,
pages="450-467"}

@article{Schloss,
author="Schloss, Peter and Phelts, R. Eric and Walter, Todd, and Enge, Per K",
year=2002,
title="A Simple Method of Signal Quality Monitoring for WAAS LNAV/VNAV",
journal="Institute of Navigation",
volume={September 2002}}

@article{Kerkhoff,
author="Aaron Kerkhoff and R. Benjamin Harris and Colin P. Petersen and Alex Pickard",
year=2010,
title="Modifications to GPS Reference Station Antennas to Reduce Multipath",
journal="Institute of Navigation",
volume=2010}

@article{Conn,
author="Conn, H. E. and L. J. Podrazik",
year=1994,
title="Parallel recurrence solvers for vector and {SIMD} supercomputers",
journal="J. of Parallel and Distributed Computing",
volume=23,
pages="435-445"}

@book{HMIDoc,
author="{\relax U.S. Department of Transportation Federal Aviation Administraction}",
title="Algorithm Contribution to HMI for the Wide Area Augmentation System",
volume={A014-011C},
year={2008},
month={July},
day={18},
address="Federal Aviation Administration 1250 Maryland Avenue, SW. Washington, DC 20024"
}

@book{HOUSE-JUNE-2000,
year={2008},
month={June},
day={29},
title={Cost Overruns and Delays in the FAA's Wide Area Augmentation System (WAAS) and Related Radio Spectrum Iusses},
author="{\relax House of Representatives, Committee on Transportation and Infrastructure, Subcommittee on Aviation}",
address={Room 2167, Rayburn House Office Building, Washington, D.C.},
howpublished = "\url{http://commdocs.house.gov/committees/Trans/hpw106-100.000/hpw106-100_1.HTM}"
}

@phdthesis{Chung,
author="Chung, W. L.",
year=1996,
title="Analysis of data distribution in variational assimilation
schemes of interest in meteorology using Burger's equation",
school="Department of Computer Science, Univ. of Oklahoma",
type="Ph. D. dissertation"}

@article{Crisp,
author="Crisp, C. A. and J. M. Lewis",
year=1992,
title="Return flow in the {Gulf of Mexico}. Part 1 : A classificatory
approach with a global historical perspective",
journal="J. Appl. Meteor.",
volume=31,
pages="868-881"}

@book{Daley,
author="Daley, R.",
year= 1991,
title="Atmospheric Data Analysis",
publisher=" Cambridge Uni. Press"}

@article{Fujishiro89,
author="Fujishiro, I. and Y. Ikebe and A. Harashima and M. Watanabe",
year=1989,
title="A note on cyclic reduction {Poisson} solvers with application to
bioconvective phenomena problems",
journal="Computers and Fluids",
volume=17,
pages="419-435"}

@article{GhilMal,
author="Ghil, M. and P. Malanotte-Rizzoli",
year="1991",
title=" Data Assimilation in Meteorology and Oceanography",
journal="Advances in Geophysics",
volume= 33,
pages="141-265"}

@article{Heller76,
author="Heller, D.",
year="1976",
title=" Some aspects of the cyclic reductin algorithm for block
tridiagonal linear systems",
journal="SIAM J. Numer. Anal.",
volume= 13,
pages="484-496"}

@article{Janish,
author="Janish, P. and S. Lyons",
year=1992,
title="{NGM} performance during cold-air outbreaks and periods of
return flow over the {Gulf of Mexico} with emphasis on moisture field
evolution",
journal="J. Appl. Meteor.",
volume=31,
pages="995-1017"}


@mastersthesis{Karnavas,
author="Karnavas, G. R.",
year=1978,
title="On polar air modification over the {Gulf of Mexico} during periods of
return flow and development of low clouds",
type="M.S. thesis",
school="Department of Meteorology, Texas A&M Univ"}

@inbook{VarDhall,
author="Lakshmivarahan, S. and S. K. Dhall",
year= 1990,
title="Analysis and Design of Parallel Algorithms",
publisher="McGraw Hill",
address="New York",
chapter="Chapter 5"}

@inbook{Lanczos,
author="Lanczos, C.",
year=1970,
title=" The Variational Principles of Mechanics",
publisher="Univ. of Toronto Press",
chapter="2"}

@book{Varahan,
author="Lakshmivarahan, S. and S. Dhall",
year= 1990,
title="{Analysis and Design of Parallel Algorithms:
Arithmetic and Matrix problems}",
publisher=" McGraw-Hill"}

@article{LewCrisp,
author="Lewis, J. M. and C. A. Crisp",
year= 1992,
title="Return Flow in the {Gulf of Mexico}. Part {II} : Variability in
Return-Flow Thermodynamics Inferred from Trajectories over the {Gulf}",
journal=" J. Appl. Meteor.",
volume=31,
pages="882-898"}

@book{Golub,
author="Golub, G. H. and C. F. Van Loan",
year= 1989,
title="Matrix computations",
publisher="Johns Hopkins University Press"}

@book{Ortega,
author="Ortega, J. M. ",
year= 1988,
title="Introduction to parallel and vector solution of linear systems",
publisher="Plenum"}

@article{GUFMEX,
author="Lewis, J. M. and C. M. Hayden and R. Merrill and J. M. Schneider",
year=1989,
title="{GUFMEX}: A study of return flow in the {Gulf of Mexico}",
journal="Bull. Amer. Meteor. Soc.",
volume=70,
pages="24-29"}

@inproceedings{Li,
author="Li, Y. and K. K. Droegemeier and J. M. Lewis",
year= 1991,
title="Multiple minima in the cost functional of
variational four-dimensional data assimilation methods : Their origin and role in the predictability
of nonlinear dynamical systems",
booktitle="9th conference on Numerical Weather Prediction",
month="October 14-18"}

@article{Lilly,
author="Lilly, D. K.",
year=1968,
title="Models of cloud-topped mixed layers under a strong inversion",
journal=" Quart. J. Roy. Meteor. Soc.",
volume= 94,
pages="292-309"}

@article{Liu,
author="Liu, Q. and J. M. Lewis and J. M. Schneider",
year=1992,
title="A study of cold-air modification over the {G}ulf
of {M}exico using in site data and mixed-layer modeling",
journal=" J. Appl. Meteor.",
volume= 31,
pages="909-924"}

@book{Luenberger,
author="Luenberger, D. G.",
year=1973,
title="Introduction to Linear and Nonlinear Programming",
publisher="Addison Wesley"}

@inproceedings{MeyerPod89,
author="Meyer, G.G.L. and L.J. Podrazik",
year=1989,
title="Parallel iterative algorithms for optimal control",
booktitle="Proceedings of the Third SIAM Conference on parallel processing
for scientific computing",
pages="250-254"}

@techreport{Mesinger,
author="Mesinger, F. and A. Arakawa",
year=1976,
title="Numerical methods used in atmospheric models",
type="Report",
institution="World Meteorological Organization {GARP} publications series
no. 17"}

@article{MeyerPod87,
author="Meyer, G.G.L. and L.J. Podrazik",
year=1987,
title="A parallel first-order linear recurrence solver",
journal="J. of Parallel and Distributed Computing",
pages="117-132"}

@book{Smith,
author="Smith, G.D.",
year=1978,
title="Numerical Solution of Partial Differential Equations:
Finite Difference Methods",
publisher="Oxford University Press"}


@article{SunFlick,
author="Sun, J. and D. W. Flicker",
year=1991,
title="Recovery of three-dimensional wind and temperature fields from
simulated single-Doppler radar data",
journal="J. Atmos. Sci.",
volume=48,
pages="876-890"}

@article{Tennekes,
author="Tennekes, H.",
year=1973,
title="A model for the dynamics of the inversion above a convective boundary
layer",
journal="J. Atmos. Sci.",
volume=30,
pages="558-567"}.

@article{ThackLong,
author="Thacker, W. C. and R. B. Long",
year=1988,
title="Fitting Dynamics to Data",
journal="Journal of Geophysical Research",
volume=93,
pages="1127-1240"}

@article{Thacker,
author="Thacker, W. C.",
year=1989,
title="The Role of the {H}essian Matrix in Fitting Models to Measurements",
journal="Journal of Geophysical Research",
volume=94,
pages="6177-6196"}

@article{Vandervorst,
author="Van der Vorst, H. A.",
year=1988,
title="Parallel solution of bidiagonal systems coming from discretized PDE's",
journal="IEEE Trans. Magnetics",
volume=24,
pages="286-290"}

@article{Vandervorst89,
author="Van der Vorst, H. A. and K. Dekker",
year=1989,
title="Vectorization of linear recurrence relations",
journal="SIAM J. Sci. Sta. Comput.",
volume=10,
pages="27-35"}

@article{Weiss,
author="Weiss, S. J.",
year=1992,
title="Some aspects of forecasting severe thunderstorms during cool-season return
flow episodes",
journal=" J. Appl. Meteor.",
volume= 31,
pages="964-982"}

@techreport{Wolfsberg,
author="Wolfsberg, D. G.",
year=1987,
title="Retrieval of three-dimensional wind and temperature fields from single
doppler radar data",
type="Report",
month="September",
institution="CIMMS, U. of Oklahoma"}

@book{Pedlosky,
author="Pedlosky, J.",
year=1987,
title="Geophysical Fluid Dynamics",
publisher="Springer-Verlag"}
